<?xml version="1.0" encoding="UTF-8"?><collection xmlns="http://www.loc.gov/MARC21/slim"><record><leader>00448nam--2200133-i-4500</leader><controlfield tag="001">000041090</controlfield><controlfield tag="002">20161230</controlfield><controlfield tag="005">20161230201043</controlfield><controlfield tag="008">060222s1000------------r-----000-0-eng-d</controlfield><datafield ind1=" " ind2=" " tag="080"><subfield code="a">621.039.8:539.1:614.876</subfield></datafield><datafield ind1=" " ind2=" " tag="100"><subfield code="a">Sears, Thad P.And Waring, James J</subfield></datafield><datafield ind1=" " ind2=" " tag="245"><subfield code="a">The physician in atomic defense. atomic principles, biologic reaction and organization for medical defense</subfield></datafield><datafield ind1=" " ind2=" " tag="260"><subfield code="a">Chicaago, The Year Book Publ., Inc., 1953, 308p</subfield></datafield><datafield ind1=" " ind2=" " tag="852"><subfield code="a">10590</subfield></datafield></record></collection>